@book{ KNU86a,
  author = "Donald E. Knuth",
  title = "The {{\TeX}book}",
  publisher = "Addison-Wesley",
  address = "Reading, MA, USA",
  year = "1984",
}

@book{ KNT69a,
   author = "Leslie Lamport",
   title = "{\LaTeX \rm:} {A} Document Preparation System",
   publisher = "Addison-Wesley",
   address = "Reading, MA, USA",
   year = 1986
}

@manual{ TNR96a,
  author = "CPGP/COPPE/UFRJ",
  title = "Norma para a Elaboração Gráfica de Teses",
  address = "Rio de Janeiro, RJ, BRA",
  month = oct,
  year = 1996
}

@unpublished{ PAT88a,
   author = "Oren Patashnik",
   title = "{{\BibTeX ing}}",
   note = "Documentation for general {\BibTeX} users",
   month = feb,
   year = 1988
}

@unpublished{ PAT88b,
   author = "Oren Patashnik",
   title = "Designing {\BibTeX} Styles",
   note = "The part of {\BibTeX}'s documentation
           that's not meant for general users",
   month = feb,
   year = 1988
}

@book{ WW79a,
   author = "Strunk, Jr., William and E. B. White",
   title = "The Elements of Style",
   publisher = "Macmillan",
   edition = 3,
   year = 1979
}
