%
% This is file `coppe.bib'.
%
% Bibliographic references for the documentation.
%
% Copyright (C) 2011 CoppeTeX Project and any individual authors listed
% elsewhere in this file.
%
% This program is free software; you can redistribute it and/or modify
% it under the terms of the GNU General Public License version 3 as
% published by the Free Software Foundation.
%
% This program is distributed in the hope that it will be useful,
% but WITHOUT ANY WARRANTY; without even the implied warranty of
% MERCHANTABILITY or FITNESS FOR A PARTICULAR PURPOSE. See the
% GNU General Public License version 3 for more details.
%
% You should have received a copy of the GNU General Public License
% version 3 along with this package (see COPYING file).
% If not, see <http://www.gnu.org/licenses/>.
%
% $URL$
% $Id$
%
% Author(s): Vicente H. F. Batista
%            George O. Ainsworth Jr.
%

@book{ KNU86a,
  author = "Donald E. Knuth",
  title = "The {{\TeX}book}",
  publisher = "Addison-Wesley",
  address = "Reading, MA, USA",
  year = "1984",
}

@book{ KNT69a,
   author = "Leslie Lamport",
   title = "{\LaTeX \rm:} {A} Document Preparation System",
   publisher = "Addison-Wesley",
   address = "Reading, MA, USA",
   year = 1986
}

@manual{ TNR08a,
  author = "CPGP/COPPE/UFRJ",
  title = "Norma para a Elabora{\c c}\~ao Gr\'afica de Teses",
  address = "Rio de Janeiro, RJ, Brasil",
  month = "Julho de",
  year = 2008
}

@unpublished{ PAT88a,
   author = "Oren Patashnik",
   title = "BibTeXing",
   note = "Documentation for general Bib\TeX\ users",
   month = feb,
   year = 1988
}

@unpublished{ PAT88b,
   author = "Oren Patashnik",
   title = "Designing BibTeX Styles",
   note = "The part of BibTeX 's documentation
           that's not meant for general users",
   month = feb,
   year = 1988
}

@book{ WW79a,
   author = "Strunk, Jr., William and E. B. White",
   title = "The Elements of Style",
   publisher = "Macmillan",
   edition = 3,
   year = 1979
}

@misc{TeX:FAQ,
  title = "{\TeX} {Frequently} {Asked} {Questions}",
  howpublished = "\\http://www.tex.ac.uk/cgi-bin/texfaq2html?introduction=yes",
  key = "TeX FAQ",
}
