% This file was created with JabRef 2.4.2.
% Encoding: ISO-8859-1

@MASTERSTHESIS{antoniolima_msc1999,
  author = {antonio lima},
  title = {Dr.},
  school = {Universidade Federal do Rio de Janeiro},
  year = {1999},
  department = {Programa de Engenharia El{\' e}trica}
}

@MISC{AlexandreAlves_dscexam2008,
  author = {Alexandre Alves},
  title = {nao escolhido ainda...},
  year = {2008},
  department = {Programa de Engenharia El{\' e}trica},
  school = {Universidade Federal do Rio de Janeiro}
}

@MISC{LaércioSantodeAraujo_dscexam2008,
  author = {Laércio Santo de Araujo},
  title = {Aluno},
  year = {2008},
  department = {Informática},
  school = {INF-UFPR}
}

@PHDTHESIS{WagnerArbex_dsc2009,
  author = {Wagner Arbex},
  title = {DSc},
  school = {Universidade Federal do Rio de Janeiro},
  year = {2009},
  department = {Programa de Engenharia de Sistemas e Computa{\c c}{\~ a}o}
}

@PHDTHESIS{VicenteHelanoFeitosaBatista_dsc2009,
  author = {Vicente Helano Feitosa Batista},
  title = {Representaç{\~ a}o compacta de triangulaç{\~ o}es utilizando conjuntos
	transversais},
  school = {Universidade Federal do Rio de Janeiro},
  year = {2009},
  department = {Programa de Engenharia Civil}
}

@MASTERSTHESIS{AlessandroGaioChimenton_msc2009,
  author = {Alessandro Gaio Chimenton},
  title = {PROBLEMAS COM OBSTÁCULO PARA OPERADORES HOMOGÊNEOS},
  school = {Universidade Federal do Paraná},
  year = {2009},
  department = {Departamento de Matemática}
}

@MASTERSTHESIS{FelipeCoelho_msc2008,
  author = {Felipe Coelho},
  title = {ADM},
  school = {professor},
  year = {2008},
  department = {ufrrj}
}

@PHDTHESIS{AlvaroCuno_dsc2008,
  author = {Alvaro Cuno},
  title = {Deformação Interativa de Modelos 3D Usando Mínimos Quadrados Móveis},
  school = {Universidade Federal do Rio de Janeiro},
  year = {2008},
  department = {Programa de Engenharia de Sistemas e Computa{\c c}{\~ a}o}
}

@PHDTHESIS{RodrigoMartinsFernandes_dsc2008,
  author = {Rodrigo Martins Fernandes},
  title = {Condicionador Universal de Energia (UPQC) com topologia invertida.},
  school = {Universidade Federal do Rio de Janeiro},
  year = {2008},
  department = {Programa de Engenharia El{\' e}trica}
}

@MASTERSTHESIS{ViníciusdaFonsecaVieira_msc2007,
  author = {Vinícius da Fonseca Vieira},
  title = {Learning Fuzzy Rule Classifier with Spectral Analysis and Structure
	Selection in High Performance Computing Environment},
  school = {Universidade Federal do Rio de Janeiro},
  year = {2007},
  department = {Programa de Engenharia Civil}
}

@MASTERSTHESIS{RosanadeFreitasCorreia_msc2007,
  author = {Rosana de Freitas Correia},
  title = {AVALIAÇÃO FÍSICO-MÊCANICA DE PASTAS CIMENTÍCEAS PARA POÇOS DE PETRÓLEO
	SUBMETIDOS À INJEÇÃO DE VAPOR},
  school = {Universidade Federal do Rio de Janeiro},
  year = {2007},
  department = {Programa de Engenharia Civil}
}

@MASTERSTHESIS{PauloH.R.Gabriel_msc2008,
  author = {Paulo H. R. Gabriel},
  title = {Algoritmos evolutivos predição de estrutura terciária},
  school = {Universidade de São Paulo},
  year = {2008},
  department = {Instituto de Ciências Matemáticas e de Computação}
}

@MASTERSTHESIS{RodrigoGranja_msc2008,
  author = {Rodrigo Granja},
  title = {não definido},
  school = {Universidade Federal do Rio de Janeiro},
  year = {2008},
  department = {Programa de Engenharia de Sistemas e Computa{\c c}{\~ a}o}
}

@PHDTHESIS{GeorgeOliveiraAinsworthJunior_dsc2008,
  author = {George Oliveira Ainsworth Junior},
  title = {Implementação do Método de Arnoldi/Lanczos para Solução de Problemas
	de Autovalor Generalizado Voltado a Arquiteturas Paralelas de Memória
	Distribuída},
  school = {Universidade Federal do Rio de Janeiro},
  year = {2008},
  department = {Programa de Engenharia Civil}
}

@PHDTHESIS{LuizLima_dsc2008,
  author = {Luiz Lima},
  title = {Produção e caracterização de filmes finos de cobalto sobre substratos
	de alumínio},
  school = {Universidade Federal do Rio de Janeiro},
  year = {2008},
  department = {Programa de Engenharia Metal{\' u}rgica e de Materiais}
}

@MASTERSTHESIS{Mariana_msc2008,
  author = {Mariana },
  title = {TEste},
  school = {Universidade Federal do Rio de Janeiro},
  year = {2008},
  department = {Programa de Engenharia El{\' e}trica}
}

@MASTERSTHESIS{ThatianaFernandesdeOliveira_msc2009,
  author = {Thatiana Fernandes de Oliveira},
  title = {?},
  school = {Universidade Federal do Rio de Janeiro},
  year = {2009},
  department = {Programa de Engenharia de Sistemas e Computa{\c c}{\~ a}o}
}

@MASTERSTHESIS{ÁbiaJamniAlmeidaCarneirodoRio_msc2009,
  author = {Ábia Jamni Almeida Carneiro do Rio},
  title = {Um Sistemas de Posicionamento Dinâmico Aplicados à Navios Aliviadores
	Baseado no Algoritmo Backstepping},
  school = {Universidade Federal do Rio de Janeiro},
  year = {2009},
  department = {Programa de Engenharia Oce{\^ a}nica}
}

@PHDTHESIS{MarceloSchiessl_dsc2008,
  author = {Marcelo Schiessl},
  title = {Msc},
  school = {UnB},
  year = {2008},
  department = {CID - UnB}
}

@MISC{MonicaCamposSilva_dscexam2008,
  author = {Monica Campos Silva},
  title = {Doutoranda},
  year = {2008},
  department = {Programa de Engenharia Oce{\^ a}nica},
  school = {Universidade Federal do Rio de Janeiro}
}

@PHDTHESIS{LedjaneLimaSobrinho_dsc2009,
  author = {Ledjane Lima Sobrinho},
  title = {Desenvolvimento de Tubos Compósitos para Possíveis Aplicações como
	Risers},
  school = {Universidade Federal do Rio de Janeiro},
  year = {2009},
  department = {Programa de Engenharia Metal{\' u}rgica e de Materiais}
}

@MISC{LuisFernandoLemusTorres_dscexam2008,
  author = {Luis Fernando Lemus Torres},
  title = {Hidrogen trapping in the 2.25Cr-1Mo steel microstructure on artificial
	ageing},
  year = {2008},
  department = {Programa de Engenharia Metal{\' u}rgica e de Materiais},
  school = {Universidade Federal do Rio de Janeiro}
}

@MASTERSTHESIS{DanielTaitVareschini_msc2008,
  author = {Daniel Tait Vareschini},
  title = {Desenvolvimento de meios de cultivo quimicamente definidos para produção
	de Fator VIII},
  school = {Universidade Federal do Rio de Janeiro},
  year = {2008},
  department = {Programa de Engenharia Qu{\' i}mica}
}

@MASTERSTHESIS{Vinicius_msc2009,
  author = {Vinicius},
  title = {Modelos Bayesianos},
  school = {Universidade Federal do Rio de Janeiro},
  year = {2009},
  department = {Programa de Engenharia de Produ{\c c}{\~ a}o}
}

