@article {Arn51a,
    AUTHOR = {Arnoldi, W. E.},
     TITLE = {The principle of minimized iteration in the solution of the
              matrix eigenvalue problem},
   JOURNAL = {Quart. Appl. Math.},
  FJOURNAL = {Quarterly of Applied Mathematics},
    VOLUME = {9},
      YEAR = {1951},
     PAGES = {17--29},
}

@article {Lan50a,
    AUTHOR = {Lanczos, Cornelius},
     TITLE = {An iteration method for the solution of the eigenvalue problem
              of linear differential and integral operators},
   JOURNAL = {J. Research Nat. Bur. Standards},
  FJOURNAL = {Journal of Research of the National Bureau of Standards},
    VOLUME = {45},
      YEAR = {1950},
     PAGES = {255--282},
}
